<record><leader>00000cas a2200000 a 4500</leader><controlfield tag="001">47937777</controlfield><controlfield tag="008">010911d18991998miuwr ne      0    0eng c</controlfield><datafield ind1=" " ind2=" " tag="010"><subfield code="a">sn2001063732</subfield></datafield><datafield ind1=" " ind2=" " tag="040"><subfield code="a">MHN</subfield><subfield code="b">eng</subfield><subfield code="c">MHN</subfield><subfield code="d">MHN</subfield><subfield code="d">OCLCQ</subfield><subfield code="d">OCLCF</subfield></datafield><datafield ind1="1" ind2=" " tag="029"><subfield code="a">AU@</subfield><subfield code="b">000022995506</subfield></datafield><datafield ind1=" " ind2=" " tag="042"><subfield code="a">pcc</subfield></datafield><datafield ind1=" " ind2=" " tag="043"><subfield code="a">n-us-mi</subfield></datafield><datafield ind1="0" ind2="0" tag="245"><subfield code="a">Harbor Beach times.</subfield></datafield><datafield ind1=" " ind2=" " tag="260"><subfield code="a">Harbor Beach, Mich. :</subfield><subfield code="b">Browne Bros.,</subfield><subfield code="c">1899-1998.</subfield></datafield><datafield ind1=" " ind2=" " tag="300"><subfield code="a">v.</subfield></datafield><datafield ind1=" " ind2=" " tag="310"><subfield code="a">Weekly</subfield></datafield><datafield ind1="0" ind2=" " tag="362"><subfield code="a">Vol. 19, no. 48 (Mar. 31, 1899)-v. 120, no. 42 (Dec. 3, 1998).</subfield></datafield><datafield ind1=" " ind2=" " tag="500"><subfield code="a">Sand Beach renamed Harbor Beach, 1899.</subfield></datafield><datafield ind1=" " ind2="0" tag="651"><subfield code="a">Harbor Beach (Mich.)</subfield><subfield code="v">Newspapers.</subfield></datafield><datafield ind1=" " ind2="0" tag="651"><subfield code="a">Huron County (Mich.)</subfield><subfield code="v">Newspapers.</subfield></datafield><datafield ind1=" " ind2="7" tag="655"><subfield code="a">Newspapers.</subfield><subfield code="2">fast</subfield><subfield code="0">(OCoLC)fst01423814</subfield></datafield><datafield ind1=" " ind2="7" tag="651"><subfield code="a">Michigan</subfield><subfield code="z">Harbor Beach.</subfield><subfield code="2">fast</subfield><subfield code="0">(OCoLC)fst01231467</subfield></datafield><datafield ind1=" " ind2="7" tag="651"><subfield code="a">Michigan</subfield><subfield code="z">Huron County.</subfield><subfield code="2">fast</subfield><subfield code="0">(OCoLC)fst01209626</subfield></datafield><datafield ind1=" " ind2=" " tag="752"><subfield code="a">United States</subfield><subfield code="b">Michigan</subfield><subfield code="c">Huron</subfield><subfield code="d">Harbor Beach.</subfield></datafield><datafield ind1="0" ind2="0" tag="780"><subfield code="t">Sand Beach times</subfield><subfield code="w">(DLC)sn2006060007</subfield><subfield code="w">(OCoLC)74710135</subfield></datafield><datafield ind1="0" ind2="0" tag="785"><subfield code="t">Times (Harbor Beach, Mich.)</subfield><subfield code="w">(DLC)sn2006060009</subfield><subfield code="w">(OCoLC)74710187</subfield></datafield></record>